@INPROCEEDINGS{OECD, 
author={OCDE}, 
booktitle={}, 
title={OECD Reviews of Health Systems: Mexico 2016, OECD Reviews of Health Systems}, 
year={2016}, 
volume={}, 
number={}, 
pages={}, 
keywords={}, 
doi={https://doi.org/10.1787/9789264230491-en}, 
ISSN={}, 
month={Oct},
}

@INPROCEEDINGS{7781303, 
author={S. Banuleasa and R. Munteanu and A. Rusu and G. Ton≈£}, 
booktitle={2016 International Conference and Exposition on Electrical and Power Engineering (EPE)}, 
title={IoT system for monitoring vital signs of elderly population}, 
year={2016}, 
volume={}, 
number={}, 
pages={059-064}, 
keywords={Internet of Things;assisted living;biomedical telemetry;cloud computing;diseases;electrocardiography;learning (artificial intelligence);medical signal processing;Europe;Internet of Things;IoT system;cloud machine learning;data preprocessing;elderly population;emergency alert generation;heart diseases;medical state prediction;vital sign monitoring;Accelerometers;Electrocardiography;Heart;Microcontrollers;Monitoring;Temperature sensors;Biomedical Telemetry;Electrocardiography;Internet of Things}, 
doi={10.1109/ICEPE.2016.7781303}, 
ISSN={}, 
month={Oct},}